<record><leader>00000cas a22000007a 4500</leader><controlfield tag="001">20613793</controlfield><controlfield tag="008">891108d19161931moucr ne      0    0eng d</controlfield><datafield ind1=" " ind2=" " tag="010"><subfield code="a">sn 89067139 </subfield></datafield><datafield ind1=" " ind2=" " tag="040"><subfield code="a">MQN</subfield><subfield code="b">eng</subfield><subfield code="c">MQN</subfield><subfield code="d">OCLCQ</subfield></datafield><datafield ind1=" " ind2=" " tag="042"><subfield code="a">msc</subfield></datafield><datafield ind1="0" ind2=" " tag="130"><subfield code="a">Dunklin County news (Kennett, Mo. : 1916)</subfield></datafield><datafield ind1="1" ind2="0" tag="245"><subfield code="a">Dunklin County news.</subfield></datafield><datafield ind1=" " ind2=" " tag="260"><subfield code="a">Kennett, Dunklin County, Mo. :</subfield><subfield code="b">Kennett Print. Co.,</subfield><subfield code="c">1916-1931.</subfield></datafield><datafield ind1=" " ind2=" " tag="300"><subfield code="a">v.</subfield></datafield><datafield ind1=" " ind2=" " tag="310"><subfield code="a">Semiweekly,</subfield><subfield code="b">June 16, 1925-May 22, 1931</subfield></datafield><datafield ind1=" " ind2=" " tag="321"><subfield code="a">Weekly,</subfield><subfield code="b">Aug. 4, 1916-June 9, 1925</subfield></datafield><datafield ind1="0" ind2=" " tag="362"><subfield code="a">Vol. 1, no. 1 (Aug. 4, 1916)-v. 15, no. 90 (May 22, 1931).</subfield></datafield><datafield ind1=" " ind2=" " tag="752"><subfield code="a">United States</subfield><subfield code="b">Missouri</subfield><subfield code="c">Dunklin</subfield><subfield code="d">Kennett.</subfield></datafield><datafield ind1="0" ind2="4" tag="785"><subfield code="t">Twice-a-week Dunklin democrat</subfield><subfield code="w">(DLC)sn 89067135</subfield></datafield></record>